@book{fg06,
  title = {Parameterized Complexity Theory, volume XIV of Texts in Theoretical Computer Science. An EATCS Series},
  author = {Flum, JÃ¶rg and Grohe, Martin},
  number = {XIV},
  series = {Texts in Theoretical Computer Science},
  year = {2006},
  publisher = {Springer-Verlag},
  doi = {10.1007/3-540-29953-X}
}

@unpublished{ncapproximation,
  author = {Jeffrey Finkelstein},
  title = {Highly parallel approximations for inherently sequential problems},
  pubstate = {Unpublished manuscript},
  url = {http://cs-people.bu.edu/jeffreyf/#ncapproximation},
  year = 2015
}

@unpublished{ncpcp,
  author = {Jeffrey Finkelstein},
  title = {Restricted probabilistically checkable proofs},
  pubstate = {Unpublished manuscript},
  url = {http://cs-people.bu.edu/jeffreyf/#ncpcp},
  year = 2015
}

@unpublished{stallings,
  author = {Jeffrey Finkelstein},
  title = {Stallings' folding process is inherently sequential},
  pubstate = {Unpublished manuscript},
  url = {http://cs-people.bu.edu/jeffreyf/#stallings},
  year = 2015
}

@unpublished{parallel,
  author = {Jeffrey Finkelstein},
  title = {Efficient and highly parallel computation},
  pubstate = {Unpublished manuscript},
  url = {http://cs-people.bu.edu/jeffreyf/#parallel},
  year = 2014
}

@unpublished{timelock,
  author = {Jeffrey Finkelstein},
  title = {Time-lock puzzles},
  pubstate = {Unpublished manuscript},
  url = {http://cs-people.bu.edu/jeffreyf/#timelock},
  year = 2015
}

@unpublished{sizedepth,
  author = {Jeffrey Finkelstein},
  title = {Size-depth-alternation tradeoffs for circuits},
  pubstate = {Unpublished manuscript},
  url = {http://cs-people.bu.edu/jeffreyf/#sizedepth},
  year = 2014
}

@unpublished{limndver,
  author = {Jeffrey Finkelstein},
  title = {Limited nondeterminism and verification},
  pubstate = {Unpublished manuscript},
  url = {http://cs-people.bu.edu/jeffreyf/#limndver},
  year = 2015
}

@unpublished{vv,
  author = {Jeffrey Finkelstein},
  title = {Unambiguous parallel computation with short witnesses},
  pubstate = {Unpublished manuscript},
  url = {http://cs-people.bu.edu/jeffreyf/#vv},
  year = 2014
}

@unpublished{grouprank,
  author = {Jeffrey Finkelstein},
  title = {Computing rank of finite algebraic structures with limited nondeterminism},
  pubstate = {Unpublished manuscript},
  url = {http://cs-people.bu.edu/jeffreyf/#grouprank},
  year = 2015
}

@techreport{am84,
  author = {Anderson, Richard and Mayr, Ernst W.},
  title = {A P-complete problem and approximations to it},
  year = 1984,
  month = sep,
  publisher = {Stanford University},
  institution = {Stanford University, Department of Computer Science},
  address = {Stanford, CA, USA},
}

@inproceedings{ln93,
  title = {A parallel approximation algorithm for positive linear programming},
  author = {Luby, Michael and Nisan, Noam},
  booktitle = {Proceedings of the twenty-fifth annual ACM symposium on Theory of computing},
  pages = {448--457},
  year = 1993,
  organization={ACM}
}

@article{cp91,
  author = {Pierluigi Crescenzi and Alessandro Panconesi},
  title = {Completeness in Approximation Classes},
  journal = {Information and Computation},
  volume = 93,
  number = 2,
  pages = {241--262},
  year = 1991,
  issn = {0890-5401},
  doi = {10.1016/0890-5401(91)90025-W},
  url = {http://www.sciencedirect.com/science/article/pii/089054019190025W}
}

@article{trevisan98,
  author = {Trevisan, Luca},
  affiliation = {Centre Universitaire d'Informatique},
  title = {Parallel Approximation Algorithms by Positive Linear Programming},
  journal = {Algorithmica},
  publisher = {Springer New York},
  issn = {0178-4617},
  pages = {72--88},
  volume = 21,
  issue = 1,
  doi = {10.1007/PL00009209},
  year = 1998
}

@article{wolf94,
  title = {Nondeterministic circuits, space complexity and quasigroups},
  journal = {Theoretical Computer Science},
  volume = 125,
  number = 2,
  pages = {295--313},
  year = 1994,
  issn = {0304-3975},
  doi = {10.1016/0304-3975(92)00014-I},
  author = {Marty J. Wolf}
}

@incollection{johnson90,
  author = {David S. Johnson},
  title = {A Catalog of Complexity Classes},
  booktitle = {Algorithms and Complexity},
  publisher = {Elsevier},
  year = 1990,
  editor = {Jan van Leeuwen},
  volume = {A},
  series = {Handbook of Theoretical Computer Science},
  chapter = 2,
  pages = {68--161},
  isbn = 0444880712
}
